@book{Chapra2010,
    author    = "Steven C. Chapra, Raymond P. Canale",
    title     = "Numerical Methods for Engineers",
    publisher = "McGraw Hill",
    %volume   = "",
    %number   = "",
    %series   = "",
    %address  = "",
    %edition  = "6th edition",
    year      = "2010",
    %month    = "",
    %note     = "",
}

@book{Press2007,
	author = "William H. Press, Saul A. Teukolsky, William T. Vetterling, Brian P. Flannery",
	title = "Numerical Recipes",
}
